@Book{CLR,
  author = 	 {Cormen, Thomas H. and Leiserson, Charles E. and Rivest, Ronald L.},
  title = 	 {Introduction to Algorithms},
  year = 	 {1997},
  publisher =    {The MIT Press and McGraw-Hill Book Company},
  location =     {Cambridge, Massachusetts},
  isbn = 	 {0-262-03141-8},
}

@Online{pgfgantt,
  author = 	 {Skala, Wolfgang},
  title = 	 {Drawing Gantt Charts in {\LaTeX} with Ti\emph{k}Z},
  subtitle =     {The pgfgantt Package},
  date = 	 {2018-01-10},
  url = 	 {http://mirrors.ctan.org/graphics/pgf/contrib/pgfgantt/pgfgantt.pdf},
  urldate = 	 {2018-04-28}
}

@Online{algorithmicx,
  author = 	 {János, Szász},
  title = 	 {The algorithmicx package},
  date = 	 {2005-04-07},
  url = 	 {http://mirrors.ctan.org/macros/latex/contrib/algorithmicx/algorithmicx.pdf},
  urldate = 	 {2018-04-04}
}

@Report{BelwalCheng,
  author = 	 {Belwal, Chaitanya and Cheng, Albert M. K.},
  title = 	 {Determining Actual Response Time in P-FRP},
  type = 	 {Technical Report},
  institution =  {University of Houston},
  date = 	 {2010-06-28},
  isrn = 	 {UH-CS-10-05}
}

