cosc6384.final.michael-yantosca.report.bib